01,047000283,047000283,250722,1430,1753212653420,,,2/
02,,081509070,1,250701,1530,USD,/
03,000122324,USD,060,1331786,,Z,015,1459244,,Z,031,1331844,,Z/
88,040,1459244,,Z,070,000,,Z,100,282198,4,Z/
88,400,386940,5,Z/
16,455,15000,Z,000092025070142323,/
88,WORLD ACCEPTANCCONC DEBIT1125 JEFFERSON 1570425114ACHPARNBR =    025182007672277                                                  /
88,               /
88,INDIVIDUALID   1125 JEFFERSON                                                   /
88,               /
88,ORGNAME        1125 JEFFERSON CITY,MO/
16,455,40900,Z,000082025070142325,/
88,WORLD ACCEPTANCCONC DEBIT1156 CAMDENTON,1570425114ACHPARNBR =    025182007672279                                                  /
88,               /
88,INDIVIDUALID   1156 CAMDENTON,                                                  /
88,               /
88,ORGNAME        1156 CAMDENTON,MO/
16,455,76200,Z,000072025070142321,/
88,WORLD ACCEPTANCCONC DEBIT1158 ELDON,MO  1570425114ACHPARNBR =    025182007672275                                                  /
88,               /
88,INDIVIDUALID   1158 ELDON,MO                                                    /
88,               /
88,ORGNAME        1158 ELDON,MO/
16,455,88035,Z,000062025070142324,/
88,WORLD ACCEPTANCCONC DEBIT1109 MOBERLY,MO1570425114ACHPARNBR =    025182007672278                                                  /
88,               /
88,INDIVIDUALID   1109 MOBERLY,MO                                                  /
88,               /
88,ORGNAME        1109 MOBERLY,MO/
16,455,166805,Z,000052025070142322,/
88,WORLD ACCEPTANCCONC DEBIT1124 SPRINGFIEL1570425114ACHPARNBR =    025182007672276                                                  /
88,               /
88,INDIVIDUALID   1124 SPRINGFIEL                                                  /
88,               /
88,ORGNAME        1124 SPRINGFIELD,MO/
16,175,20340,Z,000042025070100488,/
88,Deposit/
16,175,24100,Z,000032025070103595,/
88,Deposit/
16,175,81258,Z,000022025070177848,/
88,Deposit/
16,175,156500,Z,000012025070101041,/
88,Deposit/
49,6920394,22/
98,6920394,1,24/
02,,081509070,1,250702,1530,USD,/
03,000122324,USD,060,1422102,,Z,015,1449342,,Z,031,1449342,,Z/
88,040,1449342,,Z,070,000,,Z,100,426228,5,Z/
88,400,436130,6,Z/
16,455,14000,Z,000112025070231811,/
88,WORLD ACCEPTANCCONC DEBIT1158 ELDON,MO  1570425114ACHPARNBR =    025183008179125                                                  /
88,               /
88,INDIVIDUALID   1158 ELDON,MO                                                    /
88,               /
88,ORGNAME        1158 ELDON,MO/
16,455,20340,Z,000102025070231810,/
88,WORLD ACCEPTANCCONC DEBIT1109 MOBERLY,MO1570425114ACHPARNBR =    025183008179124                                                  /
88,               /
88,INDIVIDUALID   1109 MOBERLY,MO                                                  /
88,               /
88,ORGNAME        1109 MOBERLY,MO/
16,455,24100,Z,000092025070231813,/
88,WORLD ACCEPTANCCONC DEBIT1124 SPRINGFIEL1570425114ACHPARNBR =    025183008179127                                                  /
88,               /
88,INDIVIDUALID   1124 SPRINGFIEL                                                  /
88,               /
88,ORGNAME        1124 SPRINGFIELD,MO/
16,455,25000,Z,000082025070231808,/
88,WORLD ACCEPTANCCONC DEBIT1156 CAMDENTON,1570425114ACHPARNBR =    025183008179122                                                  /
88,               /
88,INDIVIDUALID   1156 CAMDENTON,                                                  /
88,               /
88,ORGNAME        1156 CAMDENTON,MO/
16,455,156500,Z,000072025070231809,/
88,WORLD ACCEPTANCCONC DEBIT1158 ELDON,MO  1570425114ACHPARNBR =    025183008179123                                                  /
88,               /
88,INDIVIDUALID   1158 ELDON,MO                                                    /
88,               /
88,ORGNAME        1158 ELDON,MO/
16,455,196190,Z,000062025070231812,/
88,WORLD ACCEPTANCCONC DEBIT1125 JEFFERSON 1570425114ACHPARNBR =    025183008179126                                                  /
88,               /
88,INDIVIDUALID   1125 JEFFERSON                                                   /
88,               /
88,ORGNAME        1125 JEFFERSON CITY,MO/
16,175,66336,Z,000052025070270212,/
88,Deposit/
16,175,125848,Z,000042025070200633,/
88,Deposit/
16,175,55565,Z,000032025070200986,/
88,Deposit/
16,175,69679,Z,000022025070201936,/
88,Deposit/
16,175,108800,Z,000012025070200849,/
88,Deposit/
49,7494844,26/
98,7494844,1,28/
02,,081509070,1,250703,1530,USD,/
03,000122324,USD,060,1197646,,Z,015,1297693,,Z,031,1297693,,Z/
88,040,1297693,,Z,070,000,,Z,100,289501,5,Z/
88,400,441150,5,Z/
16,455,55565,Z,000102025070346268,/
88,WORLD ACCEPTANCCONC DEBIT1156 CAMDENTON,1570425114ACHPARNBR =    025184008645570                                                  /
88,               /
88,INDIVIDUALID   1156 CAMDENTON,                                                  /
88,               /
88,ORGNAME        1156 CAMDENTON,MO/
16,455,69679,Z,000092025070346271,/
88,WORLD ACCEPTANCCONC DEBIT1124 SPRINGFIEL1570425114ACHPARNBR =    025184008645573                                                  /
88,               /
88,INDIVIDUALID   1124 SPRINGFIEL                                                  /
88,               /
88,ORGNAME        1124 SPRINGFIELD,MO/
16,455,81258,Z,000082025070346272,/
88,WORLD ACCEPTANCCONC DEBIT1125 JEFFERSON 1570425114ACHPARNBR =    025184008645574                                                  /
88,               /
88,INDIVIDUALID   1125 JEFFERSON                                                   /
88,               /
88,ORGNAME        1125 JEFFERSON CITY,MO/
16,455,108800,Z,000072025070346269,/
88,WORLD ACCEPTANCCONC DEBIT1158 ELDON,MO  1570425114ACHPARNBR =    025184008645571                                                  /
88,               /
88,INDIVIDUALID   1158 ELDON,MO                                                    /
88,               /
88,ORGNAME        1158 ELDON,MO/
16,455,125848,Z,000062025070346270,/
88,WORLD ACCEPTANCCONC DEBIT1109 MOBERLY,MO1570425114ACHPARNBR =    025184008645572                                                  /
88,               /
88,INDIVIDUALID   1109 MOBERLY,MO                                                  /
88,               /
88,ORGNAME        1109 MOBERLY,MO/
16,175,31300,Z,000052025070305266,/
88,Deposit/
16,175,69500,Z,000042025070300557,/
88,Deposit/
16,175,162201,Z,000032025070393298,/
88,Deposit/
16,175,6500,Z,000022025070300678,/
88,Deposit/
16,175,20000,Z,000012025070300902,/
88,Deposit/
49,6552027,24/
98,6552027,1,26/
02,,081509070,1,250707,1530,USD,/
03,000122324,USD,060,1703362,,Z,015,1873662,,Z,031,1703362,,Z/
88,040,1873662,,Z,070,000,,Z,100,769605,4,Z/
88,400,193636,5,Z/
16,455,6500,Z,000092025070748615,/
88,WORLD ACCEPTANCCONC DEBIT1158 ELDON,MO  1570425114ACHPARNBR =    025188009111215                                                  /
88,               /
88,INDIVIDUALID   1158 ELDON,MO                                                    /
88,               /
88,ORGNAME        1158 ELDON,MO/
16,455,20000,Z,000082025070748616,/
88,WORLD ACCEPTANCCONC DEBIT1156 CAMDENTON,1570425114ACHPARNBR =    025188009111216                                                  /
88,               /
88,INDIVIDUALID   1156 CAMDENTON,                                                  /
88,               /
88,ORGNAME        1156 CAMDENTON,MO/
16,455,31300,Z,000072025070748612,/
88,WORLD ACCEPTANCCONC DEBIT1124 SPRINGFIEL1570425114ACHPARNBR =    025188009111212                                                  /
88,               /
88,INDIVIDUALID   1124 SPRINGFIEL                                                  /
88,               /
88,ORGNAME        1124 SPRINGFIELD,MO/
16,455,66336,Z,000062025070748614,/
88,WORLD ACCEPTANCCONC DEBIT1125 JEFFERSON 1570425114ACHPARNBR =    025188009111214                                                  /
88,               /
88,INDIVIDUALID   1125 JEFFERSON                                                   /
88,               /
88,ORGNAME        1125 JEFFERSON CITY,MO/
16,455,69500,Z,000052025070748613,/
88,WORLD ACCEPTANCCONC DEBIT1109 MOBERLY,MO1570425114ACHPARNBR =    025188009111213                                                  /
88,               /
88,INDIVIDUALID   1109 MOBERLY,MO                                                  /
88,               /
88,ORGNAME        1109 MOBERLY,MO/
16,175,76350,Z,000042025070721093,/
88,Deposit/
16,175,392800,Z,000032025070700669,/
88,Deposit/
16,175,98058,Z,000022025070701110,/
88,Deposit/
16,175,202397,Z,000012025070701249,/
88,Deposit/
49,9080530,22/
98,9080530,1,24/
02,,081509070,1,250708,1530,USD,/
03,000122324,USD,060,921709,,Z,015,1067508,,Z,031,1067508,,Z/
88,040,1067508,,Z,070,000,,Z,100,169299,2,Z/
88,400,975453,5,Z/
16,455,98058,Z,000072025070824754,/
88,WORLD ACCEPTANCCONC DEBIT1156 CAMDENTON,1570425114ACHPARNBR =    025189009767690                                                  /
88,               /
88,INDIVIDUALID   1156 CAMDENTON,                                                  /
88,               /
88,ORGNAME        1156 CAMDENTON,MO/
16,455,119997,Z,000062025070824756,/
88,WORLD ACCEPTANCCONC DEBIT1124 SPRINGFIEL1570425114ACHPARNBR =    025189009767692                                                  /
88,               /
88,INDIVIDUALID   1124 SPRINGFIEL                                                  /
88,               /
88,ORGNAME        1124 SPRINGFIELD,MO/
16,455,162201,Z,000052025070824757,/
88,WORLD ACCEPTANCCONC DEBIT1125 JEFFERSON 1570425114ACHPARNBR =    025189009767693                                                  /
88,               /
88,INDIVIDUALID   1125 JEFFERSON                                                   /
88,               /
88,ORGNAME        1125 JEFFERSON CITY,MO/
16,455,202397,Z,000042025070824755,/
88,WORLD ACCEPTANCCONC DEBIT1158 ELDON,MO  1570425114ACHPARNBR =    025189009767691                                                  /
88,               /
88,INDIVIDUALID   1158 ELDON,MO                                                    /
88,               /
88,ORGNAME        1158 ELDON,MO/
16,455,392800,Z,000032025070824758,/
88,WORLD ACCEPTANCCONC DEBIT1109 MOBERLY,MO1570425114ACHPARNBR =    025189009767694                                                  /
88,               /
88,INDIVIDUALID   1109 MOBERLY,MO                                                  /
88,               /
88,ORGNAME        1109 MOBERLY,MO/
16,175,9000,Z,000022025070800693,/
88,Deposit/
16,175,160299,Z,000012025070871427,/
88,Deposit/
49,6413737,18/
98,6413737,1,20/
02,,081509070,1,250709,1530,USD,/
03,000122324,USD,060,1231587,,Z,040,1067508,,Z,015,1261387,,Z/
88,031,1231587,,Z,070,000,,Z,100,288997,6,Z/
88,400,95118,3,Z/
16,661,9768,Z,000092025070904522,/
88,06/
88,2025 SERVICE CHARGE/
16,455,9000,Z,000082025070924865,/
88,WORLD ACCEPTANCCONC DEBIT1109 MOBERLY,MO1570425114ACHPARNBR =    025190000115845                                                  /
88,               /
88,INDIVIDUALID   1109 MOBERLY,MO                                                  /
88,               /
88,ORGNAME        1109 MOBERLY,MO/
16,455,76350,Z,000072025070924864,/
88,WORLD ACCEPTANCCONC DEBIT1125 JEFFERSON 1570425114ACHPARNBR =    025190000115844                                                  /
88,               /
88,INDIVIDUALID   1125 JEFFERSON                                                   /
88,               /
88,ORGNAME        1125 JEFFERSON CITY,MO/
16,175,10500,Z,000062025070965600,/
88,Deposit/
16,175,10700,Z,000052025070900654,/
88,Deposit/
16,175,36600,Z,000042025070904180,/
88,Deposit/
16,175,119997,Z,000032025070934502,/
88,Deposit/
16,175,23000,Z,000022025070900308,/
88,Deposit/
16,175,88200,Z,000012025070900969,/
88,Deposit/
49,5560299,22/
98,5560299,1,24/
02,,081509070,1,250710,1530,USD,/
03,000122324,USD,040,1261387,,Z,060,1026588,,Z,015,1169362,,Z/
88,031,1026662,,Z,070,000,,Z,100,226774,3,Z/
88,400,318799,5,Z/
16,455,10700,Z,000082025071022214,/
88,WORLD ACCEPTANCCONC DEBIT1109 MOBERLY,MO1570425114ACHPARNBR =    025191000453736                                                  /
88,               /
88,INDIVIDUALID   1109 MOBERLY,MO                                                  /
88,               /
88,ORGNAME        1109 MOBERLY,MO/
16,455,23000,Z,000072025071022215,/
88,WORLD ACCEPTANCCONC DEBIT1156 CAMDENTON,1570425114ACHPARNBR =    025191000453737                                                  /
88,               /
88,INDIVIDUALID   1156 CAMDENTON,                                                  /
88,               /
88,ORGNAME        1156 CAMDENTON,MO/
16,455,36600,Z,000062025071022211,/
88,WORLD ACCEPTANCCONC DEBIT1124 SPRINGFIEL1570425114ACHPARNBR =    025191000453733                                                  /
88,               /
88,INDIVIDUALID   1124 SPRINGFIEL                                                  /
88,               /
88,ORGNAME        1124 SPRINGFIELD,MO/
16,455,88200,Z,000052025071022213,/
88,WORLD ACCEPTANCCONC DEBIT1158 ELDON,MO  1570425114ACHPARNBR =    025191000453735                                                  /
88,               /
88,INDIVIDUALID   1158 ELDON,MO                                                    /
88,               /
88,ORGNAME        1158 ELDON,MO/
16,455,160299,Z,000042025071022212,/
88,WORLD ACCEPTANCCONC DEBIT1125 JEFFERSON 1570425114ACHPARNBR =    025191000453734                                                  /
88,               /
88,INDIVIDUALID   1125 JEFFERSON                                                   /
88,               /
88,ORGNAME        1125 JEFFERSON CITY,MO/
16,175,50800,Z,000032025071000330,/
88,Deposit/
16,175,140174,Z,000022025071002771,/
88,Deposit/
16,175,35800,Z,000012025071000410,/
88,Deposit/
49,5575145,20/
98,5575145,1,22/
02,,081509070,1,250711,1530,USD,/
03,000122324,USD,060,1132488,,Z,015,1168848,,Z,031,1168848,,Z/
88,040,1168848,,Z,070,000,,Z,100,236760,4,Z/
88,400,237274,4,Z/
16,455,10500,Z,000082025071130909,/
88,WORLD ACCEPTANCCONC DEBIT1125 JEFFERSON 1570425114ACHPARNBR =    025192000810084                                                  /
88,               /
88,INDIVIDUALID   1125 JEFFERSON                                                   /
88,               /
88,ORGNAME        1125 JEFFERSON CITY,MO/
16,455,35800,Z,000072025071130910,/
88,WORLD ACCEPTANCCONC DEBIT1158 ELDON,MO  1570425114ACHPARNBR =    025192000810085                                                  /
88,               /
88,INDIVIDUALID   1158 ELDON,MO                                                    /
88,               /
88,ORGNAME        1158 ELDON,MO/
16,455,50800,Z,000062025071130912,/
88,WORLD ACCEPTANCCONC DEBIT1109 MOBERLY,MO1570425114ACHPARNBR =    025192000810087                                                  /
88,               /
88,INDIVIDUALID   1109 MOBERLY,MO                                                  /
88,               /
88,ORGNAME        1109 MOBERLY,MO/
16,455,140174,Z,000052025071130911,/
88,WORLD ACCEPTANCCONC DEBIT1124 SPRINGFIEL1570425114ACHPARNBR =    025192000810086                                                  /
88,               /
88,INDIVIDUALID   1124 SPRINGFIEL                                                  /
88,               /
88,ORGNAME        1124 SPRINGFIELD,MO/
16,175,28700,Z,000042025071102045,/
88,Deposit/
16,175,55700,Z,000032025071100885,/
88,Deposit/
16,175,62360,Z,000022025071100652,/
88,Deposit/
16,175,90000,Z,000012025071182260,/
88,Deposit/
49,5587100,20/
98,5587100,1,22/
02,,081509070,1,250714,1530,USD,/
03,000122324,USD,060,1117802,,Z,015,1566632,,Z,031,1117832,,Z/
88,040,1566632,,Z,070,000,,Z,100,544544,4,Z/
88,400,146760,3,Z/
16,455,28700,Z,000072025071431339,/
88,WORLD ACCEPTANCCONC DEBIT1124 SPRINGFIEL1570425114ACHPARNBR =    025195001290287                                                  /
88,               /
88,INDIVIDUALID   1124 SPRINGFIEL                                                  /
88,               /
88,ORGNAME        1124 SPRINGFIELD,MO/
16,455,55700,Z,000062025071431337,/
88,WORLD ACCEPTANCCONC DEBIT1158 ELDON,MO  1570425114ACHPARNBR =    025195001290285                                                  /
88,               /
88,INDIVIDUALID   1158 ELDON,MO                                                    /
88,               /
88,ORGNAME        1158 ELDON,MO/
16,455,62360,Z,000052025071431338,/
88,WORLD ACCEPTANCCONC DEBIT1156 CAMDENTON,1570425114ACHPARNBR =    025195001290286                                                  /
88,               /
88,INDIVIDUALID   1156 CAMDENTON,                                                  /
88,               /
88,ORGNAME        1156 CAMDENTON,MO/
16,175,6500,Z,000042025071400686,/
88,Deposit/
16,175,8500,Z,000032025071400019,/
88,Deposit/
16,175,480330,Z,000022025071426198,/
88,Deposit/
16,175,49214,Z,000012025071400490,/
88,Deposit/
49,6751506,18/
98,6751506,1,20/
02,,081509070,1,250715,1530,USD,/
03,000122324,USD,060,1810013,,Z,015,2319217,,Z,031,1876917,,Z/
88,040,2319217,,Z,070,000,,Z,100,752585,6,Z/
88,400,000,0,Z/
16,175,64746,Z,000062025071568372,/
88,Deposit/
16,175,72000,Z,000052025071502324,/
88,Deposit/
16,175,78360,Z,000042025071500534,/
88,Deposit/
16,175,378961,Z,000032025071500200,/
88,Deposit/
16,175,64518,Z,000022025071500758,/
88,Deposit/
16,175,94000,Z,000012025071500298,/
88,Deposit/
49,9830534,16/
98,9830534,1,18/
02,,081509070,1,250716,1530,USD,/
03,000122324,USD,060,1144496,,Z,015,1379282,,Z,031,1144582,,Z/
88,040,1379282,,Z,070,000,,Z,100,382448,5,Z/
88,400,1322383,10,Z/
16,455,6500,Z,000152025071629199,/
88,WORLD ACCEPTANCCONC DEBIT1125 JEFFERSON 1570425114ACHPARNBR =    025197002228869                                                  /
88,               /
88,INDIVIDUALID   1125 JEFFERSON                                                   /
88,               /
88,ORGNAME        1125 JEFFERSON CITY,MO/
16,455,8500,Z,000142025071629200,/
88,WORLD ACCEPTANCCONC DEBIT1109 MOBERLY,MO1570425114ACHPARNBR =    025197002228870                                                  /
88,               /
88,INDIVIDUALID   1109 MOBERLY,MO                                                  /
88,               /
88,ORGNAME        1109 MOBERLY,MO/
16,455,49214,Z,000132025071629201,/
88,WORLD ACCEPTANCCONC DEBIT1158 ELDON,MO  1570425114ACHPARNBR =    025197002228871                                                  /
88,               /
88,INDIVIDUALID   1158 ELDON,MO                                                    /
88,               /
88,ORGNAME        1158 ELDON,MO/
16,455,64518,Z,000122025071629192,/
88,WORLD ACCEPTANCCONC DEBIT1158 ELDON,MO  1570425114ACHPARNBR =    025197002228433                                                  /
88,               /
88,INDIVIDUALID   1158 ELDON,MO                                                    /
88,               /
88,ORGNAME        1158 ELDON,MO/
16,455,72000,Z,000112025071629193,/
88,WORLD ACCEPTANCCONC DEBIT1124 SPRINGFIEL1570425114ACHPARNBR =    025197002228434                                                  /
88,               /
88,INDIVIDUALID   1124 SPRINGFIEL                                                  /
88,               /
88,ORGNAME        1124 SPRINGFIELD,MO/
16,455,78360,Z,000102025071629195,/
88,WORLD ACCEPTANCCONC DEBIT1109 MOBERLY,MO1570425114ACHPARNBR =    025197002228436                                                  /
88,               /
88,INDIVIDUALID   1109 MOBERLY,MO                                                  /
88,               /
88,ORGNAME        1109 MOBERLY,MO/
16,455,90000,Z,000092025071629202,/
88,WORLD ACCEPTANCCONC DEBIT1156 CAMDENTON,1570425114ACHPARNBR =    025197002228872                                                  /
88,               /
88,INDIVIDUALID   1156 CAMDENTON,                                                  /
88,               /
88,ORGNAME        1156 CAMDENTON,MO/
16,455,94000,Z,000082025071629191,/
88,WORLD ACCEPTANCCONC DEBIT1156 CAMDENTON,1570425114ACHPARNBR =    025197002228432                                                  /
88,               /
88,INDIVIDUALID   1156 CAMDENTON,                                                  /
88,               /
88,ORGNAME        1156 CAMDENTON,MO/
16,455,378961,Z,000072025071629194,/
88,WORLD ACCEPTANCCONC DEBIT1125 JEFFERSON 1570425114ACHPARNBR =    025197002228435                                                  /
88,               /
88,INDIVIDUALID   1125 JEFFERSON                                                   /
88,               /
88,ORGNAME        1125 JEFFERSON CITY,MO/
16,455,480330,Z,000062025071629198,/
88,WORLD ACCEPTANCCONC DEBIT1124 SPRINGFIEL1570425114ACHPARNBR =    025197002228868                                                  /
88,               /
88,INDIVIDUALID   1124 SPRINGFIEL                                                  /
88,               /
88,ORGNAME        1124 SPRINGFIELD,MO/
16,175,55100,Z,000052025071604738,/
88,Deposit/
16,175,60408,Z,000042025071600376,/
88,Deposit/
16,175,196374,Z,000032025071662830,/
88,Deposit/
16,175,10000,Z,000022025071600261,/
88,Deposit/
16,175,60566,Z,000012025071600717,/
88,Deposit/
49,8457304,34/
98,8457304,1,36/
02,,081509070,1,250717,1530,USD,/
03,000122324,USD,060,1289328,,Z,015,1289328,,Z,031,1289328,,Z/
88,040,1289328,,Z,070,000,,Z,100,160866,4,Z/
88,400,250820,5,Z/
16,455,10000,Z,000092025071724471,/
88,WORLD ACCEPTANCCONC DEBIT1156 CAMDENTON,1570425114ACHPARNBR =    025198002637294                                                  /
88,               /
88,INDIVIDUALID   1156 CAMDENTON,                                                  /
88,               /
88,ORGNAME        1156 CAMDENTON,MO/
16,455,55100,Z,000082025071724475,/
88,WORLD ACCEPTANCCONC DEBIT1124 SPRINGFIEL1570425114ACHPARNBR =    025198002637298                                                  /
88,               /
88,INDIVIDUALID   1124 SPRINGFIEL                                                  /
88,               /
88,ORGNAME        1124 SPRINGFIELD,MO/
16,455,60408,Z,000072025071724474,/
88,WORLD ACCEPTANCCONC DEBIT1109 MOBERLY,MO1570425114ACHPARNBR =    025198002637297                                                  /
88,               /
88,INDIVIDUALID   1109 MOBERLY,MO                                                  /
88,               /
88,ORGNAME        1109 MOBERLY,MO/
16,455,60566,Z,000062025071724472,/
88,WORLD ACCEPTANCCONC DEBIT1158 ELDON,MO  1570425114ACHPARNBR =    025198002637295                                                  /
88,               /
88,INDIVIDUALID   1158 ELDON,MO                                                    /
88,               /
88,ORGNAME        1158 ELDON,MO/
16,455,64746,Z,000052025071724473,/
88,WORLD ACCEPTANCCONC DEBIT1125 JEFFERSON 1570425114ACHPARNBR =    025198002637296                                                  /
88,               /
88,INDIVIDUALID   1125 JEFFERSON                                                   /
88,               /
88,ORGNAME        1125 JEFFERSON CITY,MO/
16,175,8800,Z,000042025071701657,/
88,Deposit/
16,175,11000,Z,000032025071762301,/
88,Deposit/
16,175,22597,Z,000022025071700615,/
88,Deposit/
16,175,118469,Z,000012025071700700,/
88,Deposit/
49,5980684,22/
98,5980684,1,24/
02,,081509070,1,250718,1530,USD,/
03,000122324,USD,060,1029588,,Z,015,1065888,,Z,031,1029588,,Z/
88,040,1065888,,Z,070,000,,Z,100,122800,3,Z/
88,400,346240,4,Z/
16,455,8800,Z,000072025071831694,/
88,WORLD ACCEPTANCCONC DEBIT1124 SPRINGFIEL1570425114ACHPARNBR =    025199003075091                                                  /
88,               /
88,INDIVIDUALID   1124 SPRINGFIEL                                                  /
88,               /
88,ORGNAME        1124 SPRINGFIELD,MO/
16,455,22597,Z,000062025071831696,/
88,WORLD ACCEPTANCCONC DEBIT1109 MOBERLY,MO1570425114ACHPARNBR =    025199003075093                                                  /
88,               /
88,INDIVIDUALID   1109 MOBERLY,MO                                                  /
88,               /
88,ORGNAME        1109 MOBERLY,MO/
16,455,118469,Z,000052025071831697,/
88,WORLD ACCEPTANCCONC DEBIT1158 ELDON,MO  1570425114ACHPARNBR =    025199003075094                                                  /
88,               /
88,INDIVIDUALID   1158 ELDON,MO                                                    /
88,               /
88,ORGNAME        1158 ELDON,MO/
16,455,196374,Z,000042025071831695,/
88,WORLD ACCEPTANCCONC DEBIT1125 JEFFERSON 1570425114ACHPARNBR =    025199003075092                                                  /
88,               /
88,INDIVIDUALID   1125 JEFFERSON                                                   /
88,               /
88,ORGNAME        1125 JEFFERSON CITY,MO/
16,175,54700,Z,000032025071827228,/
88,Deposit/
16,175,57500,Z,000022025071800476,/
88,Deposit/
16,175,10600,Z,000012025071800672,/
88,Deposit/
49,5129032,18/
98,5129032,1,20/
02,,081509070,1,250721,1530,USD,/
03,000122324,USD,060,1319988,,Z,015,1418288,,Z,031,1354988,,Z/
88,040,1418288,,Z,070,000,,Z,100,486200,7,Z/
88,400,133800,4,Z/
16,455,10600,Z,000112025072132028,/
88,WORLD ACCEPTANCCONC DEBIT1156 CAMDENTON,1570425114ACHPARNBR =    025202003466303                                                  /
88,               /
88,INDIVIDUALID   1156 CAMDENTON,                                                  /
88,               /
88,ORGNAME        1156 CAMDENTON,MO/
16,455,11000,Z,000102025072132025,/
88,WORLD ACCEPTANCCONC DEBIT1125 JEFFERSON 1570425114ACHPARNBR =    025202003466300                                                  /
88,               /
88,INDIVIDUALID   1125 JEFFERSON                                                   /
88,               /
88,ORGNAME        1125 JEFFERSON CITY,MO/
16,455,54700,Z,000092025072132027,/
88,WORLD ACCEPTANCCONC DEBIT1124 SPRINGFIEL1570425114ACHPARNBR =    025202003466302                                                  /
88,               /
88,INDIVIDUALID   1124 SPRINGFIEL                                                  /
88,               /
88,ORGNAME        1124 SPRINGFIELD,MO/
16,455,57500,Z,000082025072132026,/
88,WORLD ACCEPTANCCONC DEBIT1109 MOBERLY,MO1570425114ACHPARNBR =    025202003466301                                                  /
88,               /
88,INDIVIDUALID   1109 MOBERLY,MO                                                  /
88,               /
88,ORGNAME        1109 MOBERLY,MO/
16,175,24000,Z,000072025072101553,/
88,Deposit/
16,175,35900,Z,000062025072102860,/
88,Deposit/
16,175,104700,Z,000052025072100838,/
88,Deposit/
16,175,115200,Z,000042025072100183,/
88,Deposit/
16,175,49300,Z,000032025072108591,/
88,Deposit/
16,175,69000,Z,000022025072100363,/
88,Deposit/
16,175,88100,Z,000012025072100050,/
88,Deposit/
49,6751552,26/
98,6751552,1,28/
02,,081509070,1,250722,1530,USD,/
03,000122324,USD,040,1418288,,Z,060,1108364,,Z/
16,699,49300,Z,202507181159408626,/
88,WORLD ACCEPTANCCONC DEBIT1106 SPRINGFIEL/
16,699,104700,Z,202507181159408629,/
88,WORLD ACCEPTANCCONC DEBIT1125 JEFFERSON/
16,699,88100,Z,202507181159408628,/
88,WORLD ACCEPTANCCONC DEBIT1156 CAMDENTON,/
16,699,69000,Z,202507181159408627,/
88,WORLD ACCEPTANCCONC DEBIT1158 ELDON,MO/
16,699,115200,Z,202507181159408630,/
88,WORLD ACCEPTANCCONC DEBIT1109 MOBERLY,MO/
16,699,35900,Z,202507181159408625,/
88,WORLD ACCEPTANCCONC DEBIT1124 SPRINGFIEL/
16,399,181999,Z,202507181159408624,/
88,DEPOSIT/
16,399,55376,Z,202507181159408623,/
88,DEPOSIT/
16,399,17400,Z,202507181159408622,/
88,DEPOSIT/
49,3243627,20/
98,3243627,1,22/
99,99328315,15,360/
