01,476400108,323809,250818,1337,202508181337,,,2/
02,323809,476400108,1,250728,,USD,2/
03,2375133,,010,,,Z/
88,015,1770623,,Z/
88,040,,,Z/
88,045,1770623,,Z/
88,072,367970,,Z/
88,074,000,,Z/
88,100,399264,5,Z/
88,400,367970,5,Z/
88,075,,,Z/
88,079,,,Z/
16,301,88,Z,476400107,0000024263,Commercial Deposit Serial Num: 1455 Ref Num: 476400107 Deposit,/
16,301,8200,Z,476400108,0000024264,Commercial Deposit Serial Num: 1486 Ref Num: 476400108 Deposit,/
16,301,57500,Z,476400109,0000024265,Commercial Deposit Serial Num: 1479 Ref Num: 476400109 Deposit,/
16,301,164895,Z,476400110,0000024266,Commercial Deposit Serial Num: 1470 Ref Num: 476400110 Deposit,/
16,301,168581,Z,476400111,0000024267,Commercial Deposit Serial Num: 1486 Ref Num: 476400111 Deposit,/
16,451,15000,Z,476400112,,ACH Debit Received Ref Num: 476400112 WORLD ACCEPTANCE CONC DEBIT 1432 SHELBYVILL,/
16,451,34500,Z,476400113,,ACH Debit Received Ref Num: 476400113 WORLD ACCEPTANCE CONC DEBIT 1459 CYNTHIANA,,/
16,451,66805,Z,476400114,,ACH Debit Received Ref Num: 476400114 WORLD ACCEPTANCE CONC DEBIT 1470 PARIS, KY,/
16,451,75030,Z,476400115,,ACH Debit Received Ref Num: 476400115 WORLD ACCEPTANCE CONC DEBIT 1455 SHEPHERDSV,/
16,451,176635,Z,476400116,,ACH Debit Received Ref Num: 476400116 WORLD ACCEPTANCE CONC DEBIT 1449 WINCHESTER,/
49,1770623,21/
98,1770623,1,23/
02,323809,476400108,1,250729,,USD,2/
03,2375133,,010,,,Z/
88,015,1770623,,Z/
88,040,,,Z/
88,045,1770623,,Z/
88,072,482264,,Z/
88,074,000,,Z/
88,100,358795,8,Z/
88,400,482264,5,Z/
88,075,,,Z/
88,079,,,Z/
16,301,12509,Z,476792278,0000024263,Commercial Deposit Serial Num: 1479 Ref Num: 476792278 Deposit,/
16,301,22116,Z,476792279,0000024264,Commercial Deposit Serial Num: 1486 Ref Num: 476792279 Deposit,/
16,301,26000,Z,476792280,0000024265,Commercial Deposit Serial Num: 1470 Ref Num: 476792280 Deposit,/
16,301,26120,Z,476792281,0000024266,Commercial Deposit Serial Num: 1432 Ref Num: 476792281 Deposit,/
16,301,36020,Z,476792282,0000024267,Commercial Deposit Serial Num: 1449 Ref Num: 476792282 Deposit,/
16,301,60622,Z,476792283,0000024268,Commercial Deposit Serial Num: 1432 Ref Num: 476792283 Deposit,/
16,301,84208,Z,476792284,0000024269,Commercial Deposit Serial Num: 1459 Ref Num: 476792284 Deposit,/
16,301,91200,Z,476792285,0000024270,Commercial Deposit Serial Num: 1432 Ref Num: 476792285 Deposit,/
16,451,88,Z,476792286,,ACH Debit Received Ref Num: 476792286 WORLD ACCEPTANCE CONC DEBIT 1455 SHEPHERDSV,/
16,451,57500,Z,476792287,,ACH Debit Received Ref Num: 476792287 WORLD ACCEPTANCE CONC DEBIT 1479 NICHOLASVI,/
16,451,91200,Z,476792288,,ACH Debit Received Ref Num: 476792288 WORLD ACCEPTANCE CONC DEBIT 1432 SHELBYVILL,/
16,451,164895,Z,476792289,,ACH Debit Received Ref Num: 476792289 WORLD ACCEPTANCE CONC DEBIT 1470 PARIS,KY,/
16,451,168581,Z,476792290,,ACH Debit Received Ref Num: 476792290 WORLD ACCEPTANCE CONC DEBIT 1486 GEORGETOWN,/
49,1770623,24/
98,1770623,1,26/
02,323809,476400108,1,250730,,USD,2/
03,2375133,,010,,,Z/
88,015,1770623,,Z/
88,040,,,Z/
88,045,1770623,,Z/
88,072,275795,,Z/
88,074,000,,Z/
88,100,51413,4,Z/
88,400,275795,8,Z/
88,075,,,Z/
88,079,,,Z/
16,301,13,Z,476939187,0000024263,Commercial Deposit Serial Num: 1455 Ref Num: 476939187 Deposit,/
16,301,20000,Z,476939188,0000024264,Commercial Deposit Serial Num: 1479 Ref Num: 476939188 Deposit,/
16,301,25400,Z,476939189,0000024265,Commercial Deposit Serial Num: 1459 Ref Num: 476939189 Deposit,/
16,451,6000,Z,476939190,,Miscellaneous Fee Refund Serial Num: 1470 Ref Num: 476939190 SERVICE CHARGE REFUND,/
16,451,8200,Z,476939191,,ACH Debit Received Ref Num: 476939191 WORLD ACCEPTANCE CONC DEBIT 1486 GEORGETOWN,/
16,451,12509,Z,476939192,,ACH Debit Received Ref Num: 476939192 WORLD ACCEPTANCE CONC DEBIT 1479 NICHOLASVI,/
16,451,22116,Z,476939193,,ACH Debit Received Ref Num: 476939193 WORLD ACCEPTANCE CONC DEBIT 1486 GEORGETOWN,/
16,451,26000,Z,476939194,,ACH Debit Received Ref Num: 476939194 WORLD ACCEPTANCE CONC DEBIT 1470 PARIS, KY,/
16,451,26120,Z,476939195,,ACH Debit Received Ref Num: 476939195 WORLD ACCEPTANCE CONC DEBIT 1432 SHELBYVILL,/
16,451,36020,Z,476939196,,ACH Debit Received Ref Num: 476939196 WORLD ACCEPTANCE CONC DEBIT 1449 WINCHESTER,/
16,451,60622,Z,476939197,,ACH Debit Received Ref Num: 476939197 WORLD ACCEPTANCE CONC DEBIT 1432 SHELBYVILL,/
16,451,84208,Z,476939198,,ACH Debit Received Ref Num: 476939198 WORLD ACCEPTANCE CONC DEBIT 1459 CYNTHIANA,,/
49,1770623,23/
98,1770623,1,25/
02,323809,476400108,1,250731,,USD,2/
03,2375133,,010,,,Z/
88,015,1770623,,Z/
88,040,,,Z/
88,045,1770623,,Z/
88,072,51413,,Z/
88,074,000,,Z/
88,100,321808,7,Z/
88,400,51413,4,Z/
88,075,,,Z/
88,079,,,Z/
16,301,8272,Z,477132376,0000024263,Commercial Deposit Serial Num: 1455 Ref Num: 477132376 Deposit,/
16,301,12316,Z,477132377,0000024264,Commercial Deposit Serial Num: 1432 Ref Num: 477132377 Deposit,/
16,301,22737,Z,477132378,0000024265,Commercial Deposit Serial Num: 1486 Ref Num: 477132378 Deposit,/
16,301,34313,Z,477132379,0000024266,Commercial Deposit Serial Num: 1470 Ref Num: 477132379 Deposit,/
16,301,49213,Z,477132380,0000024267,Commercial Deposit Ref Num: 477132380 Deposit,/
16,301,57100,Z,477132381,0000024268,Commercial Deposit Serial Num: 1459 Ref Num: 477132381 Deposit,/
16,301,137857,Z,477132382,0000024269,Commercial Deposit Serial Num: 1449 Ref Num: 477132382 Deposit,/
16,451,13,Z,477132383,,ACH Debit Received Ref Num: 477132383 WORLD ACCEPTANCE CONC DEBIT 1455 SHEPHERDSV,/
16,451,6000,Z,477132384,,ACH Debit Received Ref Num: 477132384 WORLD ACCEPTANCE CONC DEBIT 1470 PARIS,KY,/
16,451,20000,Z,477132385,,ACH Debit Received Ref Num: 477132385 WORLD ACCEPTANCE CONC DEBIT 1479 NICHOLASVI,/
16,451,25400,Z,477132386,,ACH Debit Received Ref Num: 477132386 WORLD ACCEPTANCE CONC DEBIT 1459 CYNTHIANA,,/
49,1770623,22/
98,1770623,1,24/
02,323809,476400108,1,250801,,USD,2/
03,2375133,,010,,,Z/
88,015,1770623,,Z/
88,040,,,Z/
88,045,1770623,,Z/
88,072,321808,,Z/
88,074,000,,Z/
88,100,589327,5,Z/
88,400,321808,7,Z/
88,075,,,Z/
88,079,,,Z/
16,301,25000,Z,477335231,0000024263,Commercial Deposit Serial Num: 1470 Ref Num: 477335231 Deposit,/
16,301,36500,Z,477335232,0000024264,Commercial Deposit Serial Num: 1479 Ref Num: 477335232 Deposit,/
16,301,50384,Z,477335233,0000024265,Commercial Deposit Serial Num: 1486 Ref Num: 477335233 Deposit,/
16,301,160826,Z,477335234,0000024266,Commercial Deposit Serial Num: 1459 Ref Num: 477335234 Deposit,/
16,301,316617,Z,477335235,0000024267,Commercial Deposit Serial Num: 1449 Ref Num: 477335235 Deposit,/
16,451,8272,Z,477335236,,ACH Debit Received Ref Num: 477335236 WORLD ACCEPTANCE CONC DEBIT 1455 SHEPHERDSV,/
16,451,12316,Z,477335237,,ACH Debit Received Ref Num: 477335237 WORLD ACCEPTANCE CONC DEBIT 1432 SHELBYVILL,/
16,451,22737,Z,477335238,,ACH Debit Received Ref Num: 477335238 WORLD ACCEPTANCE CONC DEBIT 1486 GEORGETOWN,/
16,451,34313,Z,477335239,,ACH Debit Received Ref Num: 477335239 WORLD ACCEPTANCE CONC DEBIT 1470 PARIS,KY,/
16,451,49213,Z,477335240,,ACH Debit Received Ref Num: 477335240 WORLD ACCEPTANCE CONC DEBIT 1479 NICHOLASVI,/
16,451,57100,Z,477335241,,ACH Debit Received Ref Num: 477335241 WORLD ACCEPTANCE CONC DEBIT 1459 CYNTHIANA,,/
16,451,137857,Z,477335242,,ACH Debit Received Ref Num: 477335242 WORLD ACCEPTANCE CONC DEBIT 1449 WINCHESTER,/
49,1770623,23/
98,1770623,1,25/
99,8853115,5,124/
