01,472604063,323809,250818,1329,202508181329,,,2/
02,323809,472604063,1,250818,,USD,2/
03,name,,010,,,Z/
88,015,,,Z/
88,040,,,Z/
88,045,,,Z/
88,072,0,,Z/
88,074,000,,Z/
88,100,10000,1,Z/
88,400,0,0,Z/
88,075,,,Z/
88,079,,,Z/
16,301,10000,Z,478980340,0000023772,Transaction from test-fixed-record-counting.pdf,/
49,112716200,12/
98,112716200,1,14/
99,112716200,1,15/
