01,113122655,472302,250812,1159,31257,,,2/
#Generated by BankStatementAgent on 2025-08-12 11:59:43
#Source file: Prosperity_20250806.pdf
#Account: 240086001455
#RECONCILIATION_STATUS: PARTIAL
#OPENING_BALANCE: NOT_FOUND - Missing from bank statement
#CLOSING_BALANCE: $15,432.67 (from statement)
#TOTAL_DEPOSITS: $3,650.00 (7 transactions)
#TOTAL_WITHDRAWALS: $327.64
#RECONCILIATION_ISSUES:
#  - Opening balance not found on statement
#  - Used calculated opening balance for reconciliation
#  - May indicate statement formatting issue
#ERROR_CODES: OB_UNKNOWN
#  OB_UNKNOWN: Opening balance not found in statement text
#WARNINGS:
#  - Opening balance not available - cannot perform full reconciliation
#  - Opening balance unknown - calculated from closing balance and transactions
#RECOMMENDATION: Partial reconciliation - verify missing balance data manually
02,472302,113122655,1,250801,,USD,2/
03,240086001455,,010,0,,Z/
88,015,262500,,Z/
88,040,237500,,Z/
88,045,262500,,Z/
88,072,000,,Z/
88,074,000,,Z/
88,100,250000,1,Z/
88,400,12500,1,Z/
88,075,,,Z/
88,079,,,Z/
16,174,250000,Z,2147809075,0000000000,Deposit# 0000000000,/
16,455,12500,Z,2147809077,,/
88,ATM Withdrawal,/
49,237500,14/
98,237500,1,16/
02,472302,113122655,1,250802,,USD,2/
03,240086001455,,010,237500,,Z/
88,015,8945,,Z/
88,040,228555,,Z/
88,045,8945,,Z/
88,072,000,,Z/
88,074,000,,Z/
88,100,0,0,Z/
88,400,8945,1,Z/
88,075,,,Z/
88,079,,,Z/
16,455,8945,Z,2147809175,,/
88,Grocery Store Purchase,/
49,228555,12/
98,228555,1,14/
02,472302,113122655,1,250803,,USD,2/
03,240086001455,,010,228555,,Z/
88,015,15000,,Z/
88,040,243555,,Z/
88,045,15000,,Z/
88,072,000,,Z/
88,074,000,,Z/
88,100,15000,1,Z/
88,400,0,0,Z/
88,075,,,Z/
88,079,,,Z/
16,174,15000,Z,2147809275,0000000000,Deposit# 0000000000,/
49,243555,12/
98,243555,1,14/
02,472302,113122655,1,250804,,USD,2/
03,240086001455,,010,243555,,Z/
88,015,4530,,Z/
88,040,239025,,Z/
88,045,4530,,Z/
88,072,000,,Z/
88,074,000,,Z/
88,100,0,0,Z/
88,400,4530,1,Z/
88,075,,,Z/
88,079,,,Z/
16,455,4530,Z,2147809375,,/
88,Utility Payment,/
49,239025,12/
98,239025,1,14/
02,472302,113122655,1,250805,,USD,2/
03,240086001455,,010,239025,,Z/
88,015,6789,,Z/
88,040,232236,,Z/
88,045,6789,,Z/
88,072,000,,Z/
88,074,000,,Z/
88,100,0,0,Z/
88,400,6789,1,Z/
88,075,,,Z/
88,079,,,Z/
16,455,6789,Z,2147809475,,/
88,Gas Station,/
49,232236,12/
98,232236,1,14/
02,472302,113122655,1,250806,,USD,2/
03,240086001455,,010,232236,,Z/
88,015,100000,,Z/
88,040,332236,,Z/
88,045,100000,,Z/
88,072,000,,Z/
88,074,000,,Z/
88,100,100000,1,Z/
88,400,0,0,Z/
88,075,,,Z/
88,079,,,Z/
16,174,100000,Z,2147809575,0000000000,Deposit# 0000000000,/
49,332236,12/
98,332236,1,14/
99,1513107,6,91/
