01,111903151,472302,250812,0956,31257,,,2/
02,472302,111903151,1,250721,,USD,2/
03,1035012999,,010,1127062,,Z/
88,015,96643,,Z/
88,040,1151413,,Z/
88,045,96643,,Z/
88,072,000,,Z/
88,074,000,,Z/
88,100,60497,2,Z/
88,400,36146,2,Z/
88,075,,,Z/
88,079,,,Z/
16,174,40295,Z,2147809075,0000000000,Deposit# 0000000000,/
16,174,20202,Z,2147809077,0000000001,DEPOSIT,/
16,455,22078,Z,2147809079,,/
88,WORLD ACCEPTANCE/CONC DEBIT 0440 MARSHALL, TX 0440 MARSHALL, TX,/
16,455,14068,Z,2147809081,,/
88,WORLD ACCEPTANCE/CONC DEBIT 0518 PALESTINE, TX 0518 PALESTINE, TX,/
49,1151413,18/
98,1151413,1,20/
02,472302,111903151,1,250722,,USD,2/
03,1035012999,,010,0,,Z/
88,015,55629,,Z/
88,040,15225,,Z/
88,045,55629,,Z/
88,072,000,,Z/
88,074,000,,Z/
88,100,35427,1,Z/
88,400,20202,1,Z/
88,075,,,Z/
88,079,,,Z/
16,174,35427,Z,2147809175,0000000000,Deposit# 0000000000,/
16,455,20202,Z,2147809177,,/
88,WORLD ACCEPTANCE/CONC DEBIT 0518 PALESTINE, TX 0518 PALESTINE, TX,/
49,15225,14/
98,15225,1,16/
99,1166638,2,37/
