01,111903151,472302,250812,1040,31257,,,2/
02,472302,111903151,1,250721,,USD,2/
03,1035012999,,010,1127062,,Z/
88,015,965843,,Z/
88,040,1371213,,Z/
88,045,965843,,Z/
88,072,000,,Z/
88,074,000,,Z/
88,100,604997,2,Z/
88,400,360846,2,Z/
88,075,,,Z/
88,079,,,Z/
16,174,402795,Z,2147809075,0000000000,Deposit# 0000000000,/
16,174,202202,Z,2147809077,0000000001,DEPOSIT,/
16,455,220478,Z,2147809079,,/
88,Withdrawal,/
16,455,140368,Z,2147809081,,/
88,Withdrawal,/
49,1371213,18/
98,1371213,1,20/
02,472302,111903151,1,250722,,USD,2/
03,1035012999,,010,1371213,,Z/
88,015,921299,,Z/
88,040,1625798,,Z/
88,045,921299,,Z/
88,072,000,,Z/
88,074,000,,Z/
88,100,587942,2,Z/
88,400,333357,2,Z/
88,075,,,Z/
88,079,,,Z/
16,174,354927,Z,2147809175,0000000000,Deposit# 0000000000,/
16,174,233015,Z,2147809177,0000000001,DEPOSIT,/
16,455,202202,Z,2147809179,,/
88,Withdrawal,/
16,455,131155,Z,2147809181,,/
88,Withdrawal,/
49,1625798,18/
98,1625798,1,20/
02,472302,111903151,1,250723,,USD,2/
03,1035012999,,010,1625798,,Z/
88,015,1515179,,Z/
88,040,1625533,,Z/
88,045,1515179,,Z/
88,072,000,,Z/
88,074,000,,Z/
88,100,757457,2,Z/
88,400,757722,2,Z/
88,075,,,Z/
88,079,,,Z/
16,174,632486,Z,2147809275,0000000000,Deposit# 0000000000,/
16,174,124971,Z,2147809277,0000000001,DEPOSIT,/
16,455,402795,Z,2147809279,,/
88,Withdrawal,/
16,455,354927,Z,2147809281,,/
88,Withdrawal,/
49,1625533,18/
98,1625533,1,20/
99,4622544,3,59/
