01,083000564,323809,250814,1515,202508141515,,,2/
02,323809,083000564,1,250814,,USD,2/
03,2375133,,010,,,Z/
88,015,149803500,,Z/
88,040,,,Z/
88,045,149803500,,Z/
88,072,6900,,Z/
88,074,000,,Z/
88,100,46217,2,Z/
88,400,6900,1,Z/
88,075,,,Z/
88,079,,,Z/
16,301,13707,Z,478980340,0000001470,Commercial Deposit, Serial Num: 1470,/
16,301,32510,Z,478980341,0000001471,Commercial Deposit, Serial Num: 1449,/
16,451,6900,Z,478980346,,ACH Debit Received, WORLD ACCEPTANCE,/
49,149842817,12/
98,149842817,1,14/
99,149842817,1,16/
