01,GSBI,test_sampl,250806,1433,1,,,2/
02,BANK,026015079,1,250806,1433,,/
03,8464,USD,010,531618,,,/
16,108,283226,,TXN000001,,Deposit# 000000000000811/
16,475,342993,,TXN000002,,WORLD ACCEPTANCE CONC DEBIT/
16,108,253610,,TXN000003,,Deposit# 000000000000811/
16,475,283226,,TXN000004,,WORLD ACCEPTANCE CONC DEBIT/
16,108,287050,,TXN000005,,Deposit# 000000000000811/
16,475,255610,,TXN000006,,WORLD ACCEPTANCE CONC DEBIT/
16,475,500,,TXN000007,,MAINT FEE/
49,330470,8/
98,330470,1,10/
99,330470,1,13/
