01,478980341,323809,250818,1341,202508181341,,,2/
02,323809,478980341,1,250812,,USD,2/
03,2375133,,010,,,Z/
88,015,1498035,,Z/
88,040,,,Z/
88,045,1498035,,Z/
88,072,311973,,Z/
88,074,000,,Z/
88,100,393239,4,Z/
88,400,311973,8,Z/
88,075,,,Z/
88,079,,,Z/
16,301,13707,Z,478980340,0000024487,Commercial Deposit, Serial Num: 1470, Ref Num: 478980340, Deposit,/
16,301,32510,Z,478980341,0000024488,Commercial Deposit, Serial Num: 1449, Ref Num: 478980341, Deposit,/
16,301,133474,Z,478980342,0000024489,Commercial Deposit, Serial Num: 1486, Ref Num: 478980342, Deposit,/
16,301,213548,Z,478980343,0000024490,Commercial Deposit, Serial Num: 1459, Ref Num: 478980343, Deposit,/
16,555,18500,Z,478980344,,Deposited Item Returned, Ref Num: 478980344, RETURNED DEPOSITED ITEM Check 192,/
16,451,6900,Z,478980346,,ACH Debit Received, Ref Num: 478980346, WORLD ACCEPTANCE CONC DEBIT 1455 SHEPHERDSV,/
16,451,9200,Z,478980347,,ACH Debit Received, Ref Num: 478980347, WORLD ACCEPTANCE CONC DEBIT 1479 NICHOLASVI,/
16,451,33360,Z,478980348,,ACH Debit Received, Ref Num: 478980348, WORLD ACCEPTANCE CONC DEBIT 1486 GEORGETOWN,/
16,451,34319,Z,478980349,,ACH Debit Received, Ref Num: 478980349, WORLD ACCEPTANCE CONC DEBIT 1470 PARIS, KY,/
16,451,55000,Z,478980350,,ACH Debit Received, Ref Num: 478980350, WORLD ACCEPTANCE CONC DEBIT 1432 SHELBYVILL,/
16,451,71234,Z,478980351,,ACH Debit Received, Ref Num: 478980351, WORLD ACCEPTANCE CONC DEBIT 1459 CYNTHIANA,/
16,451,83460,Z,478980352,,ACH Debit Received, Ref Num: 478980352, WORLD ACCEPTANCE CONC DEBIT 1449 WINCHESTER,/
49,1498035,23/
98,1498035,1,25/
99,1498035,1,26/
