01,083000564,323809,250813,0936,168262,,,2/
02,323809,083000564,1,250812,,USD,2/
03,2375133,,010,,,Z/
88,015,1498035,,Z/
88,040,,,Z/
88,045,1498035,,Z/
88,072,225962,,Z/
88,074,000,,Z/
88,100,393239,4,Z/
88,400,311973,8,Z/
88,075,,,Z/
88,079,,,Z/
16,301,13707,Z,478980340,0000001470,Deposit,/
16,301,32510,Z,478980341,0000001449,Deposit,/
16,301,133474,Z,478980342,0000001486,Deposit,/
16,301,213548,Z,478980343,0000001459,Deposit,/
16,555,18500,Z,478980344,,RETURNED DEPOSITED ITEM Check 192,/
16,451,6900,Z,478980346,,WORLD ACCEPTANCE CONC DEBIT 1455 SHEPHERDSV,/
16,451,9200,Z,478980347,,WORLD ACCEPTANCE CONC DEBIT 1479 NICHOLASVI,/
16,451,33360,Z,478980348,,WORLD ACCEPTANCE CONC DEBIT 1486 GEORGETOWN,/
16,451,34319,Z,478980349,,WORLD ACCEPTANCE CONC DEBIT 1470 PARIS,KY,/
16,451,55000,Z,478980350,,WORLD ACCEPTANCE CONC DEBIT 1432 SHELBYVILL,/
16,451,71234,Z,478980351,,WORLD ACCEPTANCE CONC DEBIT 1459 CYNTHIANA,,/
16,451,83460,Z,478980352,,WORLD ACCEPTANCE CONC DEBIT 1449 WINCHESTER,/
49,4632456,23/
98,4632456,1,25/
02,323809,083000564,1,250813,,USD,2/
03,2375133,,010,1498035,,Z/
88,015,,,Z/
88,040,1498035,,Z/
88,045,,,Z/
88,072,,,Z/
88,074,,,Z/
88,100,0,0,Z/
88,400,0,0,Z/
88,075,,,Z/
88,079,,,Z/
49,2996070,11/
98,2996070,1,13/
99,7628526,2,40/